<?xml version="1.0" encoding="UTF-8"?><collection xmlns="http://www.loc.gov/MARC21/slim"><record><leader>00427nam--2200133-i-4500</leader><controlfield tag="001">000046591</controlfield><controlfield tag="002">20161230</controlfield><controlfield tag="005">20161230201046</controlfield><controlfield tag="008">060222s1000------------r-----000-0-eng-d</controlfield><datafield ind1=" " ind2=" " tag="100"><subfield code="a">Vernotte, Pierre</subfield></datafield><datafield ind1=" " ind2=" " tag="245"><subfield code="a">A propos de quelques experiences recentes sur la convection de la chaleur et la transformation de l`energie</subfield></datafield><datafield ind1=" " ind2=" " tag="260"><subfield code="a">Paris, S.D.I.T., 1956, 21p</subfield></datafield><datafield ind1=" " ind2=" " tag="490"><subfield code="a">Publ.Sci.Et Techn.Du Ministere De L`Air</subfield></datafield><datafield ind1=" " ind2=" " tag="852"><subfield code="a">13048</subfield></datafield></record></collection>